<?xml version="1.0" encoding="UTF-8"?>
<collection xmlns:xsi="http://www.w3.org/2001/XMLSchema-instance" xsi:schemaLocation="http://www.loc.gov/MARC21/slim http://www.loc.gov/standards/marcxml/schema/MARC21slim.xsd" xmlns="http://www.loc.gov/MARC21/slim">
<record>
  <leader>01227cam a2200301   4500</leader>
  <controlfield tag="001">2731310</controlfield>
  <controlfield tag="003">NNC</controlfield>
  <controlfield tag="005">20090421153126.0</controlfield>
  <controlfield tag="008">960605m19549999iq            000 0 arar </controlfield>
  <datafield tag="010" ind1=" " ind2=" ">
    <subfield code="a">ne 61000156 </subfield>
  </datafield>
  <datafield tag="035" ind1=" " ind2=" ">
    <subfield code="a">(OCoLC)ocm34877104</subfield>
  </datafield>
  <datafield tag="035" ind1=" " ind2=" ">
    <subfield code="9">ARJ4977CU</subfield>
  </datafield>
  <datafield tag="035" ind1=" " ind2=" ">
    <subfield code="a">(NNC)2731310</subfield>
  </datafield>
  <datafield tag="040" ind1=" " ind2=" ">
    <subfield code="a">DLC</subfield>
    <subfield code="c">CLU</subfield>
    <subfield code="d">ZCU</subfield>
  </datafield>
  <datafield tag="041" ind1="0" ind2=" ">
    <subfield code="a">araeng</subfield>
  </datafield>
  <datafield tag="050" ind1="0" ind2="0">
    <subfield code="a">HA1950.I75</subfield>
    <subfield code="b">A5 1947</subfield>
  </datafield>
  <datafield tag="099" ind1=" " ind2=" ">
    <subfield code="a">315.6</subfield>
    <subfield code="a">Ir1</subfield>
    <subfield code="a">1947</subfield>
  </datafield>
  <datafield tag="110" ind1="1" ind2=" ">
    <subfield code="a">Iraq.</subfield>
    <subfield code="b">Mudīrīyat al-Nufūs al-ʻĀmmah.</subfield>
  </datafield>
  <datafield tag="245" ind1="1" ind2="0">
    <subfield code="a">Iḥṣāʾ al-Sukkān li-Sanat 1947.</subfield>
  </datafield>
  <datafield tag="246" ind1="0" ind2="5">
    <subfield code="a">Census of Iraq 1947</subfield>
  </datafield>
  <datafield tag="260" ind1=" " ind2=" ">
    <subfield code="a">Baghdād,</subfield>
    <subfield code="c">1954.</subfield>
  </datafield>
  <datafield tag="300" ind1=" " ind2=" ">
    <subfield code="a">v.</subfield>
    <subfield code="c">37 cm.</subfield>
  </datafield>
  <datafield tag="500" ind1=" " ind2=" ">
    <subfield code="a">At head of title: al-Mamlakah al-ʻIrāqīyah, Wizārat al-Shuʾūn al-Ijtimāʻīyah, Mudīrīyat al-Nufūs al-ʻĀmmah.</subfield>
  </datafield>
  <datafield tag="546" ind1=" " ind2=" ">
    <subfield code="a">Arabic and English.</subfield>
  </datafield>
  <datafield tag="500" ind1=" " ind2=" ">
    <subfield code="a">Errata slip inserted in v. 1.</subfield>
  </datafield>
  <datafield tag="505" ind1="1" ind2=" ">
    <subfield code="a">1. liwāʾ Baghdād, liwāʾ al-Ḥillah, liwāʾ Dulaym, liwāʾ Karbalā, liwāʾ al-Kūt, liwāʾ Dayyālī--2. liwāʾ al-Mūṣil, liwāʾ Karkūk, liwāʾ al-Sulaymānīyah, liwāʾ Arbīl--3. liwāʾ al-Baṣrah, liwāʾ al-Muntafik, liwāʾ al-ʻAmārah, liwāʾ al-Dīwānīyah.</subfield>
  </datafield>
  <datafield tag="651" ind1=" " ind2="0">
    <subfield code="a">Iraq</subfield>
    <subfield code="v">Census, 1947.</subfield>
  </datafield>
  <datafield tag="955" ind1=" " ind2=" ">
    <subfield code="b">CU08522928</subfield>
    <subfield code="d">off,glx</subfield>
    <subfield code="e">315.6 Ir1 1947</subfield>
    <subfield code="v">pt.1</subfield>
  </datafield>
</record>
</collection>